<?xml version="1.0" encoding="UTF-8"?><collection xmlns="http://www.loc.gov/MARC21/slim"><record><leader>00449nam--2200133-i-4500</leader><controlfield tag="001">000045793</controlfield><controlfield tag="002">20161230</controlfield><controlfield tag="005">20161230201045</controlfield><controlfield tag="008">060222s1000------------r-----000-0-eng-d</controlfield><datafield ind1=" " ind2=" " tag="080"><subfield code="a">621.371</subfield></datafield><datafield ind1=" " ind2=" " tag="100"><subfield code="a">Vaguine, V</subfield></datafield><datafield ind1=" " ind2=" " tag="245"><subfield code="a">Etude des ondes electromanetiques hybrides dans les structures cylindriques. application des resultats aux model deflecteurs. /these</subfield></datafield><datafield ind1=" " ind2=" " tag="260"><subfield code="a">Orsay, Faculte Des Sciences D`Orsay Univ.De Paris, 1970, 132p</subfield></datafield><datafield ind1=" " ind2=" " tag="852"><subfield code="a">35785</subfield></datafield></record></collection>